@incollection{word2vec,
	title = {Distributed Representations of Words and Phrases and their Compositionality},
	author = {Mikolov, Tomas and Sutskever, Ilya and Chen, Kai and Corrado, Greg S and Dean, Jeff},
	booktitle = {Advances in Neural Information Processing Systems 26},
	editor = {C. J. C. Burges and L. Bottou and M. Welling and Z. Ghahramani and K. Q. Weinberger},
	pages = {3111--3119},
	year = {2013},
	publisher = {Curran Associates, Inc.},
	url = {http://papers.nips.cc/paper/5021-distributed-representations-of-words-and-phrases-and-their-compositionality.pdf}
}

@inproceedings{doc2vec,
	author = {Le, Quoc and Mikolov, Tomas},
	title = {Distributed Representations of Sentences and Documents},
	year = {2014},
	publisher = {JMLR.org},
	booktitle = {Proceedings of the 31st International Conference on International Conference on Machine Learning - Volume 32},
	pages = {II–1188–II–1196},
	numpages = {9},
	location = {Beijing, China},
	series = {ICML’14}
}
@unpublished{spacy,
	AUTHOR = {Honnibal, Matthew and Montani, Ines},
	TITLE  = {{spaCy 2}: Natural language understanding with {B}loom embeddings, convolutional neural networks and incremental parsing},
	YEAR   = {2017},
	Note   = {To appear}
}
